<record><leader>00000cas a2200000Ma 4500</leader><controlfield tag="001">10897326</controlfield><controlfield tag="008">840628d18371838aluwr ne      0    0eng d</controlfield><datafield ind1=" " ind2=" " tag="010"><subfield code="a">sn 84023623 </subfield></datafield><datafield ind1=" " ind2=" " tag="040"><subfield code="a">AQM</subfield><subfield code="b">eng</subfield><subfield code="c">AQM</subfield><subfield code="d">OCLCQ</subfield></datafield><datafield ind1="0" ind2="0" tag="245"><subfield code="a">Wetumpka sentinel and advertiser.</subfield></datafield><datafield ind1=" " ind2=" " tag="260"><subfield code="a">West Wetumpka [Ala.] :</subfield><subfield code="b">B.E. Benton</subfield></datafield><datafield ind1=" " ind2=" " tag="300"><subfield code="a">v.</subfield></datafield><datafield ind1=" " ind2=" " tag="310"><subfield code="a">Weekly</subfield></datafield><datafield ind1="1" ind2=" " tag="362"><subfield code="a">Began in 1837; ceased in 1838.</subfield><subfield code="z">Cf. Amer. newspapers, 1821-1936.</subfield></datafield><datafield ind1=" " ind2=" " tag="588"><subfield code="a">Description based on: Vol. 2, no. 48 (Dec. 7, 1838).</subfield></datafield><datafield ind1=" " ind2="7" tag="655"><subfield code="a">Newspapers.</subfield><subfield code="2">rbgenr</subfield></datafield><datafield ind1=" " ind2=" " tag="752"><subfield code="a">United States</subfield><subfield code="b">Alabama</subfield><subfield code="c">Autauga</subfield><subfield code="d">West Wetumpka.</subfield></datafield><datafield ind1="0" ind2="7" tag="785"><subfield code="t">Wetmpka Argus (Wetumpka, Ala. : 1836)</subfield></datafield><datafield ind1="0" ind2="7" tag="785"><subfield code="t">Wetumpka Argus and sentinel</subfield><subfield code="w">(DLC)sn 84023621</subfield></datafield></record>